<record><leader>00000cas a2200000 a 4500</leader><controlfield tag="001">12951432</controlfield><controlfield tag="008">851223d18841891cauwr ne      0    0eng c</controlfield><datafield ind1=" " ind2=" " tag="010"><subfield code="a">sn 85066386 </subfield></datafield><datafield ind1=" " ind2=" " tag="040"><subfield code="a">KSH</subfield><subfield code="b">eng</subfield><subfield code="c">KSH</subfield><subfield code="d">NPT</subfield><subfield code="d">CNK</subfield><subfield code="d">OCL</subfield><subfield code="d">OCLCQ</subfield><subfield code="d">CNK</subfield><subfield code="d">OCLCQ</subfield><subfield code="d">OCLCF</subfield><subfield code="d">OCLCO</subfield></datafield><datafield ind1="1" ind2=" " tag="029"><subfield code="a">AU@</subfield><subfield code="b">000004558237</subfield></datafield><datafield ind1=" " ind2=" " tag="042"><subfield code="a">pcc</subfield></datafield><datafield ind1=" " ind2=" " tag="043"><subfield code="a">n-us-ca</subfield></datafield><datafield ind1="0" ind2="0" tag="245"><subfield code="a">Pomona times-courier.</subfield></datafield><datafield ind1=" " ind2=" " tag="260"><subfield code="a">Pomona, Los Angeles County, Calif. :</subfield><subfield code="b">Morton &amp; Lee</subfield></datafield><datafield ind1=" " ind2=" " tag="300"><subfield code="a">v. ;</subfield><subfield code="c">59 cm.</subfield></datafield><datafield ind1=" " ind2=" " tag="310"><subfield code="a">Weekly</subfield></datafield><datafield ind1="0" ind2=" " tag="362"><subfield code="a">Vol. 2, no. 27 (Apr. 5, 1884)-v. 9, no. 43 (Aug. 1, 1891).</subfield></datafield><datafield ind1=" " ind2=" " tag="530"><subfield code="a">Master negatives are available for duplication from:</subfield><subfield code="b">California Newspaper Microfilm Archive;</subfield><subfield code="c">positive copies may be purchased by the reel; for further information consult the CNMA at:</subfield><subfield code="u">http://cbsr.ucr.edu</subfield></datafield><datafield ind1=" " ind2="0" tag="651"><subfield code="a">Pomona (Calif.)</subfield><subfield code="v">Newspapers.</subfield></datafield><datafield ind1=" " ind2="7" tag="655"><subfield code="a">Newspapers.</subfield><subfield code="2">fast</subfield><subfield code="0">(OCoLC)fst01423814</subfield></datafield><datafield ind1=" " ind2="7" tag="651"><subfield code="a">California</subfield><subfield code="z">Pomona.</subfield><subfield code="2">fast</subfield><subfield code="0">(OCoLC)fst01207153</subfield></datafield><datafield ind1=" " ind2=" " tag="752"><subfield code="a">United States</subfield><subfield code="b">California</subfield><subfield code="c">Los Angeles</subfield><subfield code="d">Pomona.</subfield></datafield><datafield ind1="0" ind2="4" tag="780"><subfield code="t">Weekly Pomona times</subfield><subfield code="w">(DLC)sn 98061460</subfield></datafield><datafield ind1="0" ind2="4" tag="780"><subfield code="t">Pomona weekly courier</subfield><subfield code="w">(DLC)sn 98061461</subfield></datafield><datafield ind1="0" ind2="5" tag="780"><subfield code="t">Pomona daily times</subfield><subfield code="w">(DLC)sn 84025616</subfield></datafield><datafield ind1="0" ind2="0" tag="785"><subfield code="t">Pomona weekly times (Pomona, Calif. : 1891)</subfield><subfield code="w">(DLC)sn 95061207</subfield></datafield></record>